%YAML 1.1
%TAG !u! tag:unity3d.com,2011:
--- !u!95 &7738754451418931668
Animator:
  serializedVersion: 3
  m_ObjectHideFlags: 0
  m_CorrespondingSourceObject: {fileID: 0}
  m_PrefabInstance: {fileID: 0}
  m_PrefabAsset: {fileID: 0}
  m_GameObject: {fileID: 4454779354180397685}
  m_Enabled: 1
  m_Avatar: {fileID: 0}
  m_Controller: {fileID: 9100000, guid: 15acd37156cfae242b399b5c5c9a0f43, type: 2}
  m_CullingMode: 0
  m_UpdateMode: 0
  m_ApplyRootMotion: 0
  m_LinearVelocityBlending: 0
  m_WarningMessage: 
  m_HasTransformHierarchy: 1
  m_AllowConstantClipSamplingOptimization: 1
  m_KeepAnimatorControllerStateOnDisable: 0
--- !u!1 &8111105368453071737
GameObject:
  m_ObjectHideFlags: 0
  m_CorrespondingSourceObject: {fileID: 0}
  m_PrefabInstance: {fileID: 0}
  m_PrefabAsset: {fileID: 0}
  serializedVersion: 6
  m_Component:
  - component: {fileID: 8111105368453071734}
  m_Layer: 0
  m_Name: Model
  m_TagString: Untagged
  m_Icon: {fileID: 0}
  m_NavMeshLayer: 0
  m_StaticEditorFlags: 0
  m_IsActive: 1
--- !u!4 &8111105368453071734
Transform:
  m_ObjectHideFlags: 0
  m_CorrespondingSourceObject: {fileID: 0}
  m_PrefabInstance: {fileID: 0}
  m_PrefabAsset: {fileID: 0}
  m_GameObject: {fileID: 8111105368453071737}
  m_LocalRotation: {x: 0, y: 0, z: 0, w: 1}
  m_LocalPosition: {x: 0, y: -0.2, z: 0}
  m_LocalScale: {x: 1.5, y: 1.5, z: 1.5}
  m_Children:
  - {fileID: 3934279742523109583}
  m_Father: {fileID: 8111105368550804467}
  m_RootOrder: 0
  m_LocalEulerAnglesHint: {x: 0, y: 0, z: 0}
--- !u!1 &8111105368550804466
GameObject:
  m_ObjectHideFlags: 0
  m_CorrespondingSourceObject: {fileID: 0}
  m_PrefabInstance: {fileID: 0}
  m_PrefabAsset: {fileID: 0}
  serializedVersion: 6
  m_Component:
  - component: {fileID: 8111105368550804467}
  - component: {fileID: 7717575670071786346}
  m_Layer: 0
  m_Name: Whale
  m_TagString: Untagged
  m_Icon: {fileID: 0}
  m_NavMeshLayer: 0
  m_StaticEditorFlags: 0
  m_IsActive: 1
--- !u!4 &8111105368550804467
Transform:
  m_ObjectHideFlags: 0
  m_CorrespondingSourceObject: {fileID: 0}
  m_PrefabInstance: {fileID: 0}
  m_PrefabAsset: {fileID: 0}
  m_GameObject: {fileID: 8111105368550804466}
  m_LocalRotation: {x: 0, y: 0, z: 0, w: 1}
  m_LocalPosition: {x: 0, y: 0, z: 0}
  m_LocalScale: {x: 1, y: 1, z: 1}
  m_Children:
  - {fileID: 8111105368453071734}
  m_Father: {fileID: 0}
  m_RootOrder: 0
  m_LocalEulerAnglesHint: {x: 0, y: 0, z: 0}
--- !u!114 &7717575670071786346
MonoBehaviour:
  m_ObjectHideFlags: 0
  m_CorrespondingSourceObject: {fileID: 0}
  m_PrefabInstance: {fileID: 0}
  m_PrefabAsset: {fileID: 0}
  m_GameObject: {fileID: 8111105368550804466}
  m_Enabled: 1
  m_EditorHideFlags: 0
  m_Script: {fileID: 11500000, guid: d7166868a7916304087baad1ead8f3e5, type: 3}
  m_Name: 
  m_EditorClassIdentifier: 
  MinSpeed: 1
  MaxSpeed: 3
  Mesh: {fileID: 5841862769518088066}
--- !u!1001 &3536425123460912932
PrefabInstance:
  m_ObjectHideFlags: 0
  serializedVersion: 2
  m_Modification:
    m_TransformParent: {fileID: 8111105368453071734}
    m_Modifications:
    - target: {fileID: -8679921383154817045, guid: 24184b5d82eb0b94f95fc5a893eaad02, type: 3}
      propertyPath: m_LocalPosition.x
      value: 0
      objectReference: {fileID: 0}
    - target: {fileID: -8679921383154817045, guid: 24184b5d82eb0b94f95fc5a893eaad02, type: 3}
      propertyPath: m_LocalPosition.y
      value: 0
      objectReference: {fileID: 0}
    - target: {fileID: -8679921383154817045, guid: 24184b5d82eb0b94f95fc5a893eaad02, type: 3}
      propertyPath: m_LocalPosition.z
      value: 0
      objectReference: {fileID: 0}
    - target: {fileID: -8679921383154817045, guid: 24184b5d82eb0b94f95fc5a893eaad02, type: 3}
      propertyPath: m_LocalRotation.x
      value: 0
      objectReference: {fileID: 0}
    - target: {fileID: -8679921383154817045, guid: 24184b5d82eb0b94f95fc5a893eaad02, type: 3}
      propertyPath: m_LocalRotation.y
      value: 0
      objectReference: {fileID: 0}
    - target: {fileID: -8679921383154817045, guid: 24184b5d82eb0b94f95fc5a893eaad02, type: 3}
      propertyPath: m_LocalRotation.z
      value: 0
      objectReference: {fileID: 0}
    - target: {fileID: -8679921383154817045, guid: 24184b5d82eb0b94f95fc5a893eaad02, type: 3}
      propertyPath: m_LocalRotation.w
      value: 1
      objectReference: {fileID: 0}
    - target: {fileID: -8679921383154817045, guid: 24184b5d82eb0b94f95fc5a893eaad02, type: 3}
      propertyPath: m_RootOrder
      value: 0
      objectReference: {fileID: 0}
    - target: {fileID: -8679921383154817045, guid: 24184b5d82eb0b94f95fc5a893eaad02, type: 3}
      propertyPath: m_LocalEulerAnglesHint.x
      value: 0
      objectReference: {fileID: 0}
    - target: {fileID: -8679921383154817045, guid: 24184b5d82eb0b94f95fc5a893eaad02, type: 3}
      propertyPath: m_LocalEulerAnglesHint.y
      value: 0
      objectReference: {fileID: 0}
    - target: {fileID: -8679921383154817045, guid: 24184b5d82eb0b94f95fc5a893eaad02, type: 3}
      propertyPath: m_LocalEulerAnglesHint.z
      value: 0
      objectReference: {fileID: 0}
    - target: {fileID: 919132149155446097, guid: 24184b5d82eb0b94f95fc5a893eaad02, type: 3}
      propertyPath: m_Name
      value: Whale
      objectReference: {fileID: 0}
    m_RemovedComponents: []
  m_SourcePrefab: {fileID: 100100000, guid: 24184b5d82eb0b94f95fc5a893eaad02, type: 3}
--- !u!1 &4454779354180397685 stripped
GameObject:
  m_CorrespondingSourceObject: {fileID: 919132149155446097, guid: 24184b5d82eb0b94f95fc5a893eaad02, type: 3}
  m_PrefabInstance: {fileID: 3536425123460912932}
  m_PrefabAsset: {fileID: 0}
--- !u!4 &3934279742523109583 stripped
Transform:
  m_CorrespondingSourceObject: {fileID: -8679921383154817045, guid: 24184b5d82eb0b94f95fc5a893eaad02, type: 3}
  m_PrefabInstance: {fileID: 3536425123460912932}
  m_PrefabAsset: {fileID: 0}
--- !u!137 &5841862769518088066 stripped
SkinnedMeshRenderer:
  m_CorrespondingSourceObject: {fileID: 6917969749151520934, guid: 24184b5d82eb0b94f95fc5a893eaad02, type: 3}
  m_PrefabInstance: {fileID: 3536425123460912932}
  m_PrefabAsset: {fileID: 0}
